@article{shannon, 
	author={Shannon, Claude E.}, 
	journal={The Bell System Technical Journal}, 
	title={A mathematical theory of communication}, 
	year={1948}, 
	volume={27}, 
	number={3}, 
	pages={379-423}
}
@article{shannon,  
	author={M. Kropp, A. Meier},   
	title={Collaboration and human factors in software development: Teaching agile methodologies based on industrial insight},
	conference={2016 IEEE Global Engineering Education Conference (EDUCON)}
	location={Abu Dhabi}
	date={April 10-13}
	year={2016},  
}
